<record xmlns="http://www.loc.gov/MARC21/slim" xmlns:xsi="http://www.w3.org/2001/XMLSchema-instance" xsi:schemaLocation="http://www.loc.gov/MARC21/slim http://www.loc.gov/standards/marcxml/schema/MARC21slim.xsd"><leader>02047nam a2200361   4500</leader><controlfield tag="001">1928735</controlfield><controlfield tag="003">NIC</controlfield><controlfield tag="006">m        d        </controlfield><controlfield tag="007">cr cn |||m|||a</controlfield><controlfield tag="008">150222s1929    ua      o     000 0 ara d</controlfield><datafield ind1=" " ind2=" " tag="040"><subfield code="a">NNU</subfield><subfield code="b">eng</subfield><subfield code="c">NNU</subfield></datafield><datafield ind1="1" ind2=" " tag="100"><subfield code="6">880-01</subfield><subfield code="a">Abu&#772; H&#803;ayya&#772;n al-Tawh&#803;i&#772;di&#772;, &#699;Ali&#772; ibn Muh&#803;ammad,</subfield><subfield code="d">active 10th century.</subfield></datafield><datafield ind1="1" ind2="3" tag="245"><subfield code="6">880-02</subfield><subfield code="a">al-Muqa&#772;basa&#772;t</subfield><subfield code="h">[electronic resource] /</subfield><subfield code="c">li-Abi&#772; H&#803;ayya&#772;n al-Tawh&#803;i&#772;di&#772; ; muh&#803;aqqaq wa-mashru&#772;h&#803; bi-qalam H&#803;asan al-Sandu&#772;bi&#772;.</subfield></datafield><datafield ind1=" " ind2=" " tag="250"><subfield code="6">880-03</subfield><subfield code="a">al-T&#803;ab&#699;ah 1.</subfield></datafield><datafield ind1=" " ind2=" " tag="260"><subfield code="6">880-04</subfield><subfield code="a">Mis&#803;r :</subfield><subfield code="b">al-Maktabah al-Tija&#772;ri&#772;yah al-Kubra&#769;,</subfield><subfield code="c">1929.</subfield></datafield><datafield ind1=" " ind2=" " tag="300"><subfield code="a">online resource (399 p.)</subfield></datafield><datafield ind1=" " ind2=" " tag="500"><subfield code="a">Essays on various subjects.</subfield></datafield><datafield ind1=" " ind2=" " tag="500"><subfield code="a">Part of the Arabic Collections Online (ACO) project, contributed by Cornell University Libraries.</subfield></datafield><datafield ind1=" " ind2=" " tag="504"><subfield code="a">Includes bibliographical references and indexes.</subfield></datafield><datafield ind1=" " ind2=" " tag="533"><subfield code="a">Electronic reproduction.</subfield><subfield code="b">New York, N.Y. :</subfield><subfield code="c">New York University,</subfield><subfield code="d">2015.</subfield><subfield code="5">NNU</subfield></datafield><datafield ind1="1" ind2=" " tag="700"><subfield code="6">880-05</subfield><subfield code="a">Sandu&#772;bi&#772;, H&#803;asan.</subfield></datafield><datafield ind1="2" ind2=" " tag="710"><subfield code="a">Cornell University.</subfield><subfield code="b">Libraries.</subfield></datafield><datafield ind1="0" ind2=" " tag="730"><subfield code="a">Arabic Collections Online.</subfield></datafield><datafield ind1="0" ind2="8" tag="776"><subfield code="i">Online version:</subfield><subfield code="a">Abu&#772; H&#803;ayya&#772;n al-Tawh&#803;i&#772;di&#772;, &#699;Ali&#772; ibn Muh&#803;ammad, 10th cent.</subfield><subfield code="t">Muqa&#772;basa&#772;t.</subfield><subfield code="b">al-T&#803;ab&#699;ah 1.</subfield><subfield code="d">Mis&#803;r : al-Maktabah al-Tija&#772;ri&#772;yah al-Kubra&#769;, 1929</subfield><subfield code="w">(OCoLC)709525156</subfield></datafield><datafield ind1="0" ind2="8" tag="776"><subfield code="i">Print version:</subfield><subfield code="a">Abu&#772; H&#803;ayya&#772;n al-Tawh&#803;i&#772;di&#772;, &#699;Ali&#772; ibn Muh&#803;ammad, active 10th century.</subfield><subfield code="t">al-Muqa&#772;basa&#772;t</subfield><subfield code="w">(NIC)1928735</subfield><subfield code="w">(OCoLC)318941265</subfield></datafield><datafield ind1="4" ind2="0" tag="856"><subfield code="u">http://hdl.handle.net/2333.1/s1rn8rvq</subfield></datafield><datafield ind1="1" ind2=" " tag="880"><subfield code="6">100-01/r</subfield><subfield code="a">&#1571;&#1576;&#1608; &#1581;&#1610;&#1575;&#1606; &#1575;&#1604;&#1578;&#1608;&#1581;&#1610;&#1583;&#1610;&#1548; &#1593;&#1604;&#1610; &#1576;&#1606; &#1605;&#1581;&#1605;&#1583;.</subfield></datafield><datafield ind1="1" ind2="2" tag="880"><subfield code="6">245-02/r</subfield><subfield code="a">&#1575;&#1604;&#1605;&#1602;&#1575;&#1576;&#1587;&#1575;&#1578; /</subfield><subfield code="c">&#1604;&#1571;&#1576;&#1610; &#1581;&#1610;&#1575;&#1606; &#1575;&#1604;&#1578;&#1608;&#1581;&#1610;&#1583;&#1610; &#1563; &#1605;&#1581;&#1602;&#1602; &#1608;&#1605;&#1588;&#1585;&#1608;&#1581; &#1576;&#1602;&#1604;&#1605; &#1581;&#1587;&#1606; &#1575;&#1604;&#1587;&#1606;&#1583;&#1608;&#1576;&#1610;.</subfield></datafield><datafield ind1=" " ind2=" " tag="880"><subfield code="6">250-03/r</subfield><subfield code="a">&#1575;&#1604;&#1591;&#1576;&#1593;&#1577; 1.</subfield></datafield><datafield ind1=" " ind2=" " tag="880"><subfield code="6">260-04/r</subfield><subfield code="a">&#1605;&#1589;&#1585; :</subfield><subfield code="b">&#1575;&#1604;&#1605;&#1603;&#1578;&#1576;&#1577; &#1575;&#1604;&#1578;&#1580;&#1575;&#1585;&#1610;&#1577; &#1575;&#1604;&#1603;&#1576;&#1585;&#1609;&#1548;</subfield><subfield code="c">1929.</subfield></datafield><datafield ind1="1" ind2=" " tag="880"><subfield code="6">700-05/r</subfield><subfield code="a">&#1587;&#1606;&#1583;&#1608;&#1576;&#1610;&#1548; &#1581;&#1587;&#1606;.</subfield></datafield><datafield ind1=" " ind2=" " tag="959"><subfield code="a">NNU</subfield><subfield code="b">WEB</subfield><subfield code="c">GENI</subfield><subfield code="t">0</subfield><subfield code="m">Electronic access</subfield><subfield code="s">01</subfield></datafield><datafield ind1=" " ind2=" " tag="999"><subfield code="i">NIC_1928735</subfield><subfield code="o">(OCoLC)ocn318941265</subfield><subfield code="s">cornell_aco000090</subfield></datafield></record>